@article{mudassir2020time,
  title={Time-series forecasting of Bitcoin prices using high-dimensional features: a machine learning approach},
  author={Mudassir, Mohammed and Bennbaia, Shada and Unal, Devrim and Hammoudeh, Mohammad},
  journal={Neural computing and applications},
  pages={1--15},
  year={2020},
  publisher={Springer}
},

@article{doi:10.2469/faj.v51.n1.1861,
author = {Eugene F. Fama},
title = {Random Walks in Stock Market Prices},
journal = {Financial Analysts Journal},
volume = {51},
number = {1},
pages = {75--80},
year = {1995},
publisher = {Routledge},
doi = {10.2469/faj.v51.n1.1861},

